<?xml version="1.0" encoding="UTF-8"?><collection xmlns="http://www.loc.gov/MARC21/slim"><record><leader>00630nam--2200145-i-4500</leader><controlfield tag="001">000020104</controlfield><controlfield tag="002">20161230</controlfield><controlfield tag="005">20161230201033</controlfield><controlfield tag="008">060222s1000------------r-----000-0-eng-d</controlfield><datafield ind1=" " ind2=" " tag="080"><subfield code="a">533.924:621.039.647(061.3)</subfield></datafield><datafield ind1=" " ind2=" " tag="245"><subfield code="a">Ion implantation techniques.lectures given at the ion implantation school in connection with the fourth international conference on ion implantation:equipment and techniques berchtesgaden, fed.rep.of germany, september 13-15, 1982.with 245 figures</subfield></datafield><datafield ind1=" " ind2=" " tag="260"><subfield code="a">Berlin, Springer-verlag, 1982. Xii + 372 P</subfield></datafield><datafield ind1=" " ind2=" " tag="490"><subfield code="a">Springer Series In Electrophysics</subfield></datafield><datafield ind1=" " ind2=" " tag="700"><subfield code="a">Ryssel, H., Glawischnig, H</subfield></datafield><datafield ind1=" " ind2=" " tag="852"><subfield code="a">46525</subfield></datafield></record></collection>